% classes.bib
@recitation{math351fall2007,
  course = "MATH 351",
  title = "Real Analysis",
  instructor = "Jorge Garcia",
  units = "3",
  institution = "California State University, Channel Islands",
  shortinst = "CSUCU",
  term = "Fall",
  year = "2007"  
}

@recitation{math393spring2007,
  course = "MATH 393",
  title = "Abstract Algebra",
  instructor = "Jesse Elliott",
  units = "3",
  institution = "California State University, Channel Islands",
  shortinst = "CSUCI",
  term = "Spring",
  year = "2007"
}

@course{math101fall2007,
  course = "MATH 101",
  units = "3",
  title = "College Algebra",
  institution = "California State University, Channel Islands",
  shortinst = "CSUCI",
  term = "Fall",
  year = "2007",
}

@course{math101spring2008,
  course = "MATH 101",
  units = "3",
  title = "College Algebra",
  institution = "California State University, Channel Islands",
  shortinst = "CSUCI",
  term = "Spring",
  year = "2008",
}

@recitation{math1681fall2008,
  course = "MATH 1681",
  title = "Mathexcel Business Calculus Workshop I",
  instructor = "Edward Slaminka",
  units = "2",
  sections = "3",
  institution = "Auburn University",
  shortinst = "Auburn U.",
  term = "Fall",
  Year = "2008",
  textbook = "Calculus with Business Applications",
  author = "S. T. Tan",
}

@course{math1680spring2009,
  course = "MATH 1680",
  title = "Calculus with Business Applications I",
  units = "4",
  sections = "2",
  institution = "Auburn University",
  shortinst = "Auburn U.",
  term = "Spring",
  year = "2009",
  textbook = "Calculus with Business Applications",
  author = "S. T. Tan",
}

@course{math1610fall2009,
  course = "MATH 1610",
  title = "Calculus I",
  units = "4",
  sections = "2",
  institution = "Auburn University",
  shortinst = "Auburn U.",
  term = "Fall",
  year = "2009",
  textbook = "University Calculus, Early Transcendentals",
  author = "Hass and Weir",
}

@course{math1620spring2010,
  course = "MATH 1620",
  title = "Calculus II",
  units = "4",
  sections = "2",
  institution = "Auburn University",
  shortinst = "Auburn U.",
  term = "Spring",
  year = "2010",
  textbook = "University Calculus, Early Transcendentals",
  author = "Hass and Weir",
}

@course{math1610summer2010,
  course = "MATH 1610",
  title = "Calculus I",
  units = "4",
  sections = "1",
  institution = "Auburn University",
  shortinst = "Auburn U.",
  term = "Summer",
  year = "2010",
  textbook = "University Calculus, Early Transcendentals",
  author = "Hass and Weir",
}

@course{math2850fall2010,
  course = "MATH 2850",
  title = "Mathematics for Elementary Education I",
  units = "3",
  sections = "2",
  institution = "Auburn University",
  shortinst = "Auburn U.",
  term = "Fall",
  year = "2010",
  textbook = "Reconceptualizing Mathematics for Elementary Teachers",
  author = "Sowder and Sowder and Nickerson",
}

@course{math1610spring2011,
  course = "MATH 1610",
  title = "Calculus I",
  units = "4",
  sections = "1",
  institution = "Auburn University",
  shortinst = "Auburn U.",
  term = "Spring",
  year = "2011",
  textbook = "University Calculus, Early Transcendentals",
  author = "Hass and Weir",
}

@course{math1680fall2011,
  course = "MATH 1680",
  title = "Calculus with Business Applications I",
  units = "4",
  sections = "2",
  institution = "Auburn University",
  shortinst = "Auburn U.",
  term = "Fall",
  year = "2011",
  textbook = "Calculus with Business Applications",
  author = "S. T. Tan",
}

@course{math1610spring2012,
  course = "MATH 1610",
  title = "Calculus I",
  units = "4",
  sections = "2",
  institution = "Auburn University",
  shortinst = "Auburn U.",
  term = "Spring",
  year = "2012",
  textbook = "University Calculus, Early Transcendentals",
  author = "Hass and Weir",
}

@course{math1120summer2012,
  course = "MATH 1120",
  title = "Pre-Calculus Algebra",
  units = "3",
  sections = "1",
  institution = "Auburn University",
  shortinst = "Auburn U.",
  term = "Summer",
  year = "2012",
  textbook = "Precalculus",
  author = "Blitzer",
}

@course{math2630fall2012,
  course = "MATH 2630",
  title = "Calculus III",
  units = "4",
  sections = "2",
  institution = "Auburn University",
  shortinst = "Auburn U.",
  term = "Fall",
  year = "2012",
  textbook = "University Calculus, Early Transcendentals",
  author = "Hass and Weir",
}

@course{math1620spring2013,
  course = "MATH 1620",
  title = "Calculus II",
  units = "4",
  sections = "1",
  institution = "Auburn University",
  shortinst = "Auburn U.",
  term = "Spring",
  year = "2013",
  textbook = "University Calculus, Early Transcendentals",
  author = "Hass and Weir",
}

@grading{math5320spring2013,
  course = "MATH 5320/6320",
  title = "Introduction to Abstract Algebra II",
  instructor = "Randall Holmes",
  units = "3",
  sections = "2",
  institution = "Auburn University",
  shortinst = "Auburn U.",
  term = "Spring",
  year = "2013",
}

@grading{math5320fall2013,
  course = "MATH 5310/6310",
  title = "Introduction to Abstract Algebra I",
  instructor = "Ulrich Albrecht",
  units = "3",
  sections = "2",
  institution = "Auburn University",
  shortinst = "Auburn U.",
  term = "Fall",
  year = "2013",
}

@course{math1680fall2013,
  course = "MATH 1680",
  title = "Calculus with Business Applications I",
  units = "4",
  sections = "1",
  institution = "Auburn University",
  shortinst = "Auburn U.",
  term = "Fall",
  year = "2013",
  textbook = "Calculus with Business Applications",
  author = "S. T. Tan",
}

@course{math2630spring2014,
  course = "MATH 2630",
  title = "Calculus III",
  units = "4",
  sections = "2",
  institution = "Auburn University",
  shortinst = "Auburn U.",
  term = "Spring",
  year = "2014",
  textbook = "Calculus, Early Transcendentals",
  author = "James Stewart",
}

@course{math1610summer2014,
  course = "MATH 1610",
  title = "Calculus I",
  units = "4",
  sections = "1",
  institution = "Auburn University",
  shortinst = "Auburn U.",
  term = "Summer",
  year = "2014",
  textbook = "Calculus, Early Transcendentals",
  author = "James Stewart",
}

@course{math207fall2014,
  course = "MATH 0207",
  title = "Analytic Geometry and Calculus I",
  units = "4",
  sections = "1",
  institution = "Tuskegee University",
  shortinst = "Tuskegee U.",
  term = "Fall",
  year = "2014",
  textbook = "Calculus",
  author = "James Stewart",
}

@course{math107fall2014,
  course = "MATH 0107",
  title = "College Algebra and Trigonometry I",
  units = "4",
  sections = "2",
  institution = "Tuskegee University",
  shortinst = "Tuskegee U.",
  term = "Fall",
  year = "2014",
  textbook = "Precalculus, A Right Triangle Approach",
  author = "Ratti and McWaters",
}

@course{math107spring2015,
  course = "MATH 0107",
  title = "College Algebra and Trigonometry I",
  units = "4",
  sections = "3",
  institution = "Tuskegee University",
  shortinst = "Tuskegee U.",
  term = "Spring",
  year = "2015",
  textbook = "Precalculus, A Right Triangle Approach",
  author = "Ratti and McWaters",
}

@course{math201fall2015,
  course = "MATH 201",
  title = "Calculus I",
  units = "5",
  sections = "1",
  institution = "California State University, Bakersfield",
  shortinst = "CSUB",
  term = "Fall",
  year = "2015",
  textbook = "Calculus, Early Transcendentals",
  author = "James Stewart",
}

@course{math231fall2015,
  course = "MATH 231",
  title = "Calculus I for Engineering Sciences",
  units = "5",
  sections = "1",
  institution = "California State University, Bakersfield",
  shortinst = "CSUB",
  term = "Fall",
  year = "2015",
  textbook = "Calculus, Early Transcendentals",
  author = "James Stewart",
}

@course{math202fall2015,
  course = "MATH 202",
  title = "Calculus II",
  units = "5",
  sections = "1",
  institution = "California State University, Bakersfield",
  shortinst = "CSUB",
  term = "Fall",
  year = "2015",
  textbook = "Calculus, Early Transcendentals",
  author = "James Stewart",
}
