% education.bib
% I intend to put citations info for education articles here.
% So far, I haven't had time to collect any.
