% publications.bib
@article {article:brice2015zero,
    AUTHOR = {with Huajun Huang},
     TITLE = {On zero product determined algebras},
   JOURNAL = {Linear Multilinear Algebra},
  FJOURNAL = {Linear and Multilinear Algebra},
    VOLUME = {63},
      YEAR = {2015},
    NUMBER = {2},
     PAGES = {326--342},
}

@ARTICLE{article:brice2015matrix,
   author = {},
    title = "{The matrix {L}ie algebra on a one-step ladder is zero product determined}",
  journal = {Alabama Journal of Mathematics},
archivePrefix = "arXiv",
   eprint = {1510.05072},
 primaryClass = "math.RA",
 keywords = {Mathematics - Rings and Algebras},
     year = 2015,
    month = dec,
}

@ARTICLE{submitted:brice2015derivations,
   author = {},
    title = "{On derivations of parabolic {L}ie algebras}",
  journal = {\emph{Submitted to} Journal of Lie Theory},
archivePrefix = "arXiv",
   eprint = {1504.08286},
 primaryClass = "math.RA",
 keywords = {Mathematics - Rings and Algebras, 16W25, 17B45},
     year = 2015,
    month = nov,
}

@ARTICLE{arxiv:brice2011direct,
   author = {with Huajun Huang},
    title = "{Direct sums of zero product determined algebras}",
  journal = {ArXiv e-prints},
archivePrefix = "arXiv",
   eprint = {1110.5848},
 primaryClass = "math.RA",
 keywords = {Mathematics - Rings and Algebras},
     year = 2011,
    month = oct,
}

@unpublished{inprep:brice0000note,
  title={A note on zero product determined {L}ie algebras},
  note={Manuscript in preperation.},
}

@phdthesis{dissertation:brice2014derivation,
  title = {On the derivation algebras of parabolic {L}ie algebras with applications to zero product determined algebras.},
  school = {Auburn {U}niversity},
  year = {2014},
}

@unpublished{pres:brice2010continuous,
  title={Continuous symmetry groups},
  year={2010},
  month={July},
  note={Auburn U. REU in Algebra and Discrete Mathematics, Auburn AL},
}

@unpublished{pres:brice2011symmetry,
  title={Symmetry groups},
  year={2011},
  month={July},
  note={Auburn U. REU in Algebra and Discrete Mathematics, Auburn AL},
}

@unpublished{pres:brice2012direct,
  title={Direct sums of zero product determined algebras},
  year={2012},
  month={March},
  note={Southern Regional Algebra Conference, Morrow GA},
}

@unpublished{pres:brice2012derivations,
  title={Derivations of parabolic subalgebras I \& II},
  year={2012},
  month={September and October},
  note={Auburn U. Linear Algebra Seminar, Auburn AL},
}

@unpublished{pres:brice2013constructions,
  title={Constructions on zero product determined algebras},
  year={2013},
  month={March},
  note={Southern Regional Algebra Conference, Hammond LA},
}

@unpublished{pres:brice2013characterizing,
  title={Characterizing derivation algebras of parabolic subalgebras},
  year={2013},
  month={May},
  note={Southeast {L}ie Theory Workshop,  Baton Rouge LA},
}

@unpublished{pres:brice2013zero,
  title={Zero product determined algebras I, II, \& III},
  year={2013},
  month={October},
  note={Auburn U. Linear Algebra Seminar, Auburn AL},
}

@unpublished{pres:brice2013constructionson,
  title={Constructions on zero product determined algebras},
  year={2013},
  month={November},
  note={{AMS} Wester Section Meeting, Riverside CA},
}

@unpublished{pres:brice2013constructionsonzero,
  title={Constructions on zero product determined algebras},
  year={2013},
  month={November},
  note={{C}al {S}tate {C}hannel {I}slands Graduate Mathematics Seminar, Camarillo CA},
}

@unpublished{pres:brice2014applications,
  title={Applications of multilinear algebra to World Wide Web search},
  year={2014},
  month={October},
  note={Auburn U. Linear Algebra Seminar, Auburn AL},
}

@unpublished{pres:brice2014derivations,
  title={Derivations of parabolic {L}ie algebras with applications to zero product determined algebras},
  year={2014},
  month={November},
  note={{AMS} Southeastern Section Meeting, Greensboro NC},
}

@unpublished{pres:brice2015parabolic1,
  title={Parabolic {L}ie algebras are zero product determined},
  author={with Huajun Huang},
  year={2015},
  month={March},
  note={Southern Regional Algebra Conference, Lafayette LA}
}

@unpublished{pres:brice2015parabolic2,
  title={Parabolic {L}ie algebras are zero product determined},
  author={with Huajun Huang},
  year={2015},
  month={March},
  note={{AMS} Southeastern Section Meeting, Huntsville AL}
}

@unpublished{pres:brice2015upper,
  title = {Upper Triangular Ladder Matrix Algebras},
  year = {2015},
  month = {September},
  note = {{CSUB} Mathematics Seminar, Bakersfield CA}
}

@unpublished{pres:brice2015upper2,
  title = {Upper Triangular Ladder Matrix Algebras, A Preliminary Report},
  year = {2015},
  month = {October},
  note = {{AMS} Fall Western Section Meeting, Fullerton CA}
}

@unpublished{pres:brice2015linear,
  title = {Linear {L}ie Algebras, Block Matrices, and Ladder Matrices},
  year = {2015},
  month = {November},
  note = {{MAA} Golden Section/SoCal-Nevada Section Joint Meeting, San Luis Obispo CA}
}

@unpublished{pres:brice2016applications,
  title = {Applications of Linear Algebra to Data Analysis},
  year = {2016},
  month = {February},
  note = {{CSUCI} Graduate Mathematics and Physics Seminar, Camarillo CA},
}
