% references.bib
@article{alaminos2009maps,
  title={Maps preserving zero products},
  author={Alaminos, J and Bre{\v{s}}ar, Matej and Extremera, J and Villena, AR},
  journal={Studia Math},
  volume={193},
  number={2},
  pages={131--159},
  year={2009}
}

@article{brevsar2009zero,
  title={Zero product determined matrix algebras},
  author={Bre{\v{s}}ar, Matej and Gra{\v{s}}i{\v{c}}, Mateja and Ortega, Juana S{\'a}nchez},
  journal={Linear Algebra and Its Applications},
  volume={430},
  number={5},
  pages={1486--1498},
  year={2009},
  publisher={Elsevier}
}

@article{brice2015zero,
    AUTHOR = {with Huajun Huang},
     TITLE = {On zero product determined algebras},
   JOURNAL = {Linear Multilinear Algebra},
  FJOURNAL = {Linear and Multilinear Algebra},
    VOLUME = {63},
      YEAR = {2015},
    NUMBER = {2},
     PAGES = {326--342},
}

@book {bourbaki1975lie,
    AUTHOR = {Bourbaki, Nicolas},
     TITLE = {Lie groups and {L}ie algebras. {C}hapters 1--3},
    SERIES = {Elements of Mathematics (Berlin)},
      NOTE = {Translated from the French,
              Reprint of the 1975 edition},
 PUBLISHER = {Springer-Verlag, Berlin},
      YEAR = {1989},
     PAGES = {xviii+450},
      ISBN = {3-540-50218-1},
   MRCLASS = {17-01 (00A05 22-01)},
  MRNUMBER = {979493 (89k:17001)},
}

@book {bourbaki1998algebra,
    AUTHOR = {Bourbaki, Nicolas},
     TITLE = {Algebra {I}. {C}hapters 1--3},
    SERIES = {Elements of Mathematics (Berlin)},
      NOTE = {Translated from the French,
              Reprint of the 1989 English translation [ MR0979982
              (90d:00002)]},
 PUBLISHER = {Springer-Verlag, Berlin},
      YEAR = {1998},
     PAGES = {xxiv+709},
      ISBN = {3-540-64243-9},
   MRCLASS = {00A05},
  MRNUMBER = {1727844},
}

@article{chen2011nonlinear,
  title={Nonlinear maps satisfying derivability on standard parabolic subalgebras of finite-dimensional simple {L}ie algebras},
  author={Chen, Zhengxin and Wang, Dengyin},
  journal={Linear and Multilinear Algebra},
  volume={59},
  number={3},
  pages={261--270},
  year={2011},
  publisher={Taylor \& Francis}
}

@article{chen2012nonlinear,
  title={Nonlinear {L}ie triple derivations on parabolic subalgebras of finite-dimensional simple {L}ie algebras},
  author={Chen, Zhengxin and Xiao, Zhankui},
  journal={Linear and Multilinear Algebra},
  volume={60},
  number={6},
  pages={645--656},
  year={2012},
  publisher={Taylor \& Francis}
}

@article{chen2012nonlinearm,
  title={Nonlinear maps satisfying derivability on the parabolic subalgebras of the general linear {L}ie algebras},
  author={Chen, Zhengxin and Wang, Dengyin},
  journal={Linear and Multilinear Algebra},
  volume={60},
  number={2},
  pages={149--157},
  year={2012},
  publisher={Taylor \& Francis}
}

@article{dixmier1957derivations,
  title={Derivations of nilpotent {L}ie algebras},
  author={Dixmier, J and Lister, WG},
  journal={Proceedings of the American Mathematical Society},
  volume={8},
  number={1},
  pages={155--158},
  year={1957},
  publisher={American Mathematical Society}
}

@article{farnsteiner1988derivations,
  title={Derivations and central extensions of finitely generated graded {L}ie algebras},
  author={Farnsteiner, Rolf},
  journal={Journal of algebra},
  volume={118},
  number={1},
  pages={33--45},
  year={1988},
  publisher={Academic Press}
}

@article{gravsivc2010zero,
  title={Zero product determined classical {L}ie algebras},
  author={Gra{\v{s}}i{\v{c}}, Mateja},
  journal={Linear and Multilinear Algebra},
  volume={58},
  number={8},
  pages={1007--1022},
  year={2010},
  publisher={Taylor \& Francis Group}
}

@book {helgason1979differential,
    AUTHOR = {Helgason, Sigurdur},
     TITLE = {Differential geometry, {L}ie groups, and symmetric spaces},
    SERIES = {Graduate Studies in Mathematics},
    VOLUME = {34},
      NOTE = {Corrected reprint of the 1978 original},
 PUBLISHER = {American Mathematical Society, Providence, RI},
      YEAR = {2001},
     PAGES = {xxvi+641},
      ISBN = {0-8218-2848-7},
   MRCLASS = {53C35 (22E10 22E46 22E60)},
  MRNUMBER = {1834454 (2002b:53081)},
}

@book {humphreys1972introduction,
    AUTHOR = {Humphreys, James E.},
     TITLE = {Introduction to {L}ie algebras and representation theory},
      NOTE = {Graduate Texts in Mathematics, Vol. 9},
 PUBLISHER = {Springer-Verlag, New York-Berlin},
      YEAR = {1972},
     PAGES = {xii+169},
   MRCLASS = {17BXX},
  MRNUMBER = {0323842 (48 \#2197)},
MRREVIEWER = {F. W. Lemire},
}

@article {jacobson1955note,
    AUTHOR = {Jacobson, N.},
     TITLE = {A note on automorphisms and derivations of {L}ie algebras},
   JOURNAL = {Proc. Amer. Math. Soc.},
  FJOURNAL = {Proceedings of the American Mathematical Society},
    VOLUME = {6},
      YEAR = {1955},
     PAGES = {281--283},
      ISSN = {0002-9939},
   MRCLASS = {09.1X},
  MRNUMBER = {0068532 (16,897e)},
MRREVIEWER = {C. Chevalley},
}

@book {jacobson1962lie,
    AUTHOR = {Jacobson, Nathan},
     TITLE = {{L}ie algebras},
    SERIES = {Interscience Tracts in Pure and Applied Mathematics, No. 10},
 PUBLISHER = {Interscience Publishers (a division of John Wiley \& Sons),
              New York-London},
      YEAR = {1962},
     PAGES = {ix+331},
   MRCLASS = {17.30 (22.80)},
  MRNUMBER = {0143793 (26 \#1345)},
MRREVIEWER = {Rimhak Ree},
}

@book{kac1994infinite,
  title={Infinite-dimensional {L}ie algebras},
  author={Kac, Victor G},
  volume={44},
  year={1994},
  publisher={Cambridge university press}
}

@book {knapp2002lie,
    AUTHOR = {Knapp, Anthony W.},
     TITLE = {{L}ie groups beyond an introduction},
    SERIES = {Progress in Mathematics},
    VOLUME = {140},
   EDITION = {Second},
 PUBLISHER = {Birkh\"auser Boston Inc., Boston MA},
      YEAR = {2002},
     PAGES = {xviii+812},
      ISBN = {0-8176-4259-5},
   MRCLASS = {22-01},
  MRNUMBER = {1920389 (2003c:22001)},
}

@book {lang2002algebra,
    AUTHOR = {Lang, Serge},
     TITLE = {Algebra},
    SERIES = {Graduate Texts in Mathematics},
    VOLUME = {211},
   EDITION = {third},
 PUBLISHER = {Springer-Verlag, New York},
      YEAR = {2002},
     PAGES = {xvi+914},
      ISBN = {0-387-95385-X},
   MRCLASS = {00A05 (15-02)},
  MRNUMBER = {1878556 (2003e:00003)},
       DOI = {10.1007/978-1-4613-0041-0},
       URL = {http://dx.doi.org/10.1007/978-1-4613-0041-0},
}

@article{leger1972cohomology,
  title={Cohomology theorems for {B}orel-like solvable {L}ie algebras in arbitrary characteristic},
  author={Leger, G and Luks, E},
  journal={Canad. J. Math},
  volume={24},
  number={6},
  pages={1019--1026},
  year={1972}
}

@article{li2011generalized,
  title={Generalized {L}ie triple derivations},
  author={Li, Hailing and Wang, Ying},
  journal={Linear and Multilinear Algebra},
  volume={59},
  number={3},
  pages={237--247},
  year={2011},
  publisher={Taylor \& Francis}
}

@proceedings {luke1979representation,
     TITLE = {Representation theory of {L}ie groups},
    SERIES = {London Mathematical Society Lecture Note Series},
    VOLUME = {34},
 BOOKTITLE = {Proceedings of the {SRC}/{LMS} {R}esearch {S}ymposium held in
              {O}xford, {J}une 28--{J}uly 15, 1977},
    EDITOR = {Luke, G. L.},
 PUBLISHER = {Cambridge University Press, Cambridge-New York},
      YEAR = {1979},
     PAGES = {v+341},
      ISBN = {0-521-22636-8},
   MRCLASS = {22-06 (81C40)},
  MRNUMBER = {568880 (81j:22001)},
MRREVIEWER = {A. U. Klimyk},
}

@book {maclane1967algebra,
    AUTHOR = {Mac Lane, Saunders and Birkhoff, Garrett},
     TITLE = {Algebra},
 PUBLISHER = {The Macmillan Co., New York; Collier-Macmillan Ltd., London},
      YEAR = {1967},
     PAGES = {xix+598},
   MRCLASS = {00.00},
  MRNUMBER = {0214415 (35 \#5266)},
MRREVIEWER = {C. W. Curtis},
}

@article{ou2007derivations,
  title={Derivations of the {L}ie algebra of strictly upper triangular matrices over a commutative ring},
  author={Ou, Shikun and Wang, Dengyin and Yao, Ruiping},
  journal={Linear algebra and its applications},
  volume={424},
  number={2},
  pages={378--383},
  year={2007},
  publisher={North-Holland}
}

@article {sato1965derivations,
    AUTHOR = {Sat{\^o}, Terukiyo},
     TITLE = {On derivations of nilpotent {L}ie algebras},
   JOURNAL = {T\^ohoku Math. J. (2)},
  FJOURNAL = {The Tohoku Mathematical Journal. Second Series},
    VOLUME = {17},
      YEAR = {1965},
     PAGES = {244--249},
      ISSN = {0040-8735},
   MRCLASS = {17.30},
  MRNUMBER = {0185044 (32 \#2514)},
MRREVIEWER = {S. T{\^o}g{\^o}},
}

@book{serre1965lie,
  title={{L}ie algebras and {L}ie groups},
  author={Serre, Jean-Pierre},
  volume={1762},
  year={1965},
  publisher={Springer}
}

@book{strade1988modular,
    AUTHOR = {Strade, Helmut and Farnsteiner, Rolf},
     TITLE = {Modular {L}ie algebras and their representations},
    SERIES = {Monographs and Textbooks in Pure and Applied Mathematics},
    VOLUME = {116},
 PUBLISHER = {Marcel Dekker, Inc., New York},
      YEAR = {1988},
     PAGES = {x+301},
      ISBN = {0-8247-7594-5},
   MRCLASS = {17B50 (17-02 17B05 17B10)},
  MRNUMBER = {929682 (89h:17021)},
MRREVIEWER = {Gordon E. Brown},
}

@article {togo1961derivation,
    AUTHOR = {T{\^o}g{\^o}, Shigeaki},
     TITLE = {On the derivation algebras of {L}ie algebras},
   JOURNAL = {Canad. J. Math.},
  FJOURNAL = {Canadian Journal of Mathematics. Journal Canadien de
              Math\'ematiques},
    VOLUME = {13},
      YEAR = {1961},
     PAGES = {201--216},
      ISSN = {0008-414X},
   MRCLASS = {17.30},
  MRNUMBER = {0122915 (23 \#A247)},
MRREVIEWER = {W. G. Lister},
}

@article{togo1967outer,
  title={Outer derivations of {L}ie algebras},
  author={T{\^o}g{\^o}, Shigeaki},
  journal={Transactions of the American Mathematical Society},
  pages={264--276},
  year={1967},
  publisher={JSTOR}
}

@article{tolpygo1972cohomologies,
  title={Cohomologies of parabolic {L}ie algebras},
  author={Tolpygo, Aleksei Kirillovich},
  journal={Mathematical Notes},
  volume={12},
  number={3},
  pages={585--587},
  year={1972},
  publisher={Springer}
}

@article{wang2008derivations,
  title={Derivations of the subalgebras intermediate the general linear {L}ie algebra and the diagonal subalgebra over commutative rings},
  author={Wang, Dengyin and Wang, Xian},
  journal={Archivum Mathematicum},
  volume={44},
  number={3},
  pages={173--183},
  year={2008},
  publisher={Department of Mathematics, Faculty of Science of Masaryk University, Brno}
}

@article{wang2006derivations,
  title={Derivations of the parabolic subalgebras of the general linear {L}ie algebra over a commutative ring},
  author={Wang, Dengyin and Yu, Qiu},
  journal={Linear algebra and its applications},
  volume={418},
  number={2},
  pages={763--774},
  year={2006},
  publisher={North-Holland}
}

@article{wang2009lie,
  title={{L}ie triple derivation of the {L}ie algebra of strictly upper triangular matrix over a commutative ring},
  author={Wang, Heng-Tai and Li, Qing-Guo},
  journal={Linear Algebra and its Applications},
  volume={430},
  number={1},
  pages={66--77},
  year={2009},
  publisher={Elsevier}
}

@article{wang2011class,
  title={A class of zero product determined {L}ie algebras},
  author={Wang, Dengyin and Yu, Xiaoxiang and Chen, Zhengxin},
  journal={Journal of Algebra},
  volume={331},
  number={1},
  pages={145--151},
  year={2011},
  publisher={Academic Press}
}

@article{wang2011lie,
  title={{L}ie triple derivations on the parabolic subalgebras of simple {L}ie algebras},
  author={Wang, Dengyin and Yu, Xiaoxiang},
  journal={Linear and Multilinear Algebra},
  volume={59},
  number={8},
  pages={837--840},
  year={2011},
  publisher={Taylor \& Francis}
}

@article{wang2010product,
  title={Product zero derivations of parabolic subalgebras of simple {L}ie algebras},
  author={Wang, DY and Zhang, Wei and Chen, ZX},
  journal={J. Lie Theory},
  volume={20},
  number={1},
  pages={167--174},
  year={2010}
}

@book {warner1971foundations,
    AUTHOR = {Warner, Frank W.},
     TITLE = {Foundations of differentiable manifolds and {L}ie groups},
    SERIES = {Graduate Texts in Mathematics},
    VOLUME = {94},
      NOTE = {Corrected reprint of the 1971 edition},
 PUBLISHER = {Springer-Verlag, New York-Berlin},
      YEAR = {1983},
     PAGES = {ix+272},
      ISBN = {0-387-90894-3},
   MRCLASS = {58-01 (22-01 53-01 57R99)},
  MRNUMBER = {722297 (84k:58001)},
}

@article{zhang2008class,
  title={A class of non-degenerate solvable {L}ie algebras and their derivations},
  author={Zhang, Hai Shan},
  journal={Acta Mathematica Sinica, English Series},
  volume={24},
  number={1},
  pages={7--16},
  year={2008},
  publisher={Institute of Mathematics, Chinese Academy of Sciences and Chinese Mathematical Society}
}

@unpublished{brice0000note,
  title={A note on zero product determined {L}ie algebras},
  author={with Huajun Huang},
  note={Manuscript in preperation.},
}

@unpublished{brice0000matrix,
  title={The matrix algebra on a $1$-step ladder is zero product determined},
  note={Manuscript in preperation.},
}

@phdthesis{brice2014derivation,
  title = {On the derivation algebras of parabolic {L}ie algebras with applications to zero product determined algebras.},
  school = {Auburn {U}niversity},
  year = {2014},
}

@unpublished{brice2015derivations,
  author={with Huajun Huang},
  title={On derivations of parabolic {L}ie algebras},
  note={{arXiv} preprint},
  year={2015},
  eprint={arXiv:1504.08286 [math.RA]},
  URL={http://arxiv.org/abs/1504.08286},
}

@unpublished{brice2011direct,
  author={with Huajun Huang},
  title={Direct sums of zero product determined algebras},
  note={{arXiv} preprint},
  year={2011},
  eprint={arXiv:1110.5848 [math.RA]},
  URL={http://arxiv.org/abs/1110.5848},
}

@unpublished{pres:brice2010continuous,
  title={Continuous symmetry groups},
  year={2010},
  month={July},
  note={Auburn U. REU in Algebra and Discrete Mathematics, Auburn AL},
}

@unpublished{pres:brice2011symmetry,
  title={Symmetry groups},
  year={2011},
  month={July},
  note={Auburn U. REU in Algebra and Discrete Mathematics, Auburn AL},
}

@unpublished{pres:brice2012direct,
  title={Direct sums of zero product determined algebras},
  year={2012},
  month={March},
  note={Southern Regional Algebra Conference, Morrow GA},
}

@unpublished{pres:brice2012derivations,
  title={Derivations of parabolic subalgebras I \& II},
  year={2012},
  month={September and October},
  note={Auburn U. Linear Algebra Seminar, Auburn AL},
}

@unpublished{pres:brice2013constructions,
  title={Constructions on zero product determined algebras},
  year={2013},
  month={March},
  note={Southern Regional Algebra Conference, Hammond LA},
}

@unpublished{pres:brice2013characterizing,
  title={Characterizing derivation algebras of parabolic subalgebras},
  year={2013},
  month={May},
  note={Southeast {L}ie Theory Workshop,  Baton Rouge LA},
}

@unpublished{pres:brice2013zero,
  title={Zero product determined algebras I, II, \& III},
  year={2013},
  month={October},
  note={Auburn U. Linear Algebra Seminar, Auburn AL},
}

@unpublished{pres:brice2013constructionson,
  title={Constructions on zero product determined algebras},
  year={2013},
  month={November},
  note={{AMS} Wester Section Meeting, Riverside CA},
}

@unpublished{pres:brice2013constructionsonzero,
  title={Constructions on zero product determined algebras},
  year={2013},
  month={November},
  note={{C}al {S}tate {C}hannel {I}slands Graduate Mathematics Seminar, Camarillo CA},
}


@unpublished{pres:brice2014applications,
  title={Applications of multilinear algebra to World Wide Web search},
  year={2014},
  month={October},
  note={Auburn U. Linear Algebra Seminar, Auburn AL},
}


@unpublished{pres:brice2014derivations,
  title={Derivations of parabolic {L}ie algebras with applications to zero product determined algebras},
  year={2014},
  month={November},
  note={{AMS} Southeastern Section Meeting, Greensboro NC},
}

@unpublished{pres:brice2015parabolic1,
  title={Parabolic {L}ie algebras are zero product determined},
  author={with Huajun Huang},
  year={2015},
  month={March},
  note={Southern Regional Algebra Conference, Lafayette LA}
}

@unpublished{pres:brice2015parabolic2,
  title={Parabolic {L}ie algebras are zero product determined},
  author={with Huajun Huang},
  year={2015},
  month={March},
  note={{AMS} Southeastern Section Meeting, Huntsville AL}
}
